@Manual{conclique,
    title = {conclique: Gibbs Sampling for Spatial Data and Concliques},
    author = {Kaplan, Andee and Nordman, Daniel},
    note = {R package version 0.1.0},
    url = {https://github.com/andeek/conclique},
    year = {2017}
  }
  
  @Manual{sblink,
    title = {sblink: Scalable Empirical Bayes Entity Resolution},
    author = {Marchant, Neil and {Australian Bureau of Statistics} and Kaplan, Andee and Rubenstein, Ben and Steorts, Rebecca C.},
    year = {Forthcoming},
    note = {R package version 0.1},
  }
  
  @Manual{representr,
    title = {representr: Create Representative Records Post-Record Linkage},
    author = {Kaplan, Andee and Betancourt, Brenda and Steorts, Rebecca C.},
    note = {R package version 0.1.0},
    year = {Forthcoming}
  }
  
  @Manual{intro,
    title = {intRo: Download and Run the intRo Statistical Software},
    author = {Hare, Eric and Kaplan, Andee},
    note = {R package version 0.1},
    url = {https://github.com/gammarama/intRo},
    year = {2017}
  }
  
  
  
  