  @article{kaplan2016note,
  keywords={refereed},
  title={On the S-instability and degeneracy of discrete deep learning models},
  author={\mkbibbold{Kaplan, A.} and Nordman, Daniel and Vardeman, Stephen},
  journal={Information and Inference: A Journal of the IMA},
  year={2019},
  doi = {10.1093/imaiai/iaz022}
}

@article{kaplan2016putting,
  keywords={refereed},
  title={Putting Down Roots: A Graphical Exploration of Community Attachment},
  author={\mkbibbold{Kaplan, A.} and Hare, Eric},
  journal={Computational Statistics},
  year={2019},
  volume={34},
  number={4},
  pages={1449--1464},
  publisher={Springer Berlin Heidelberg}
}

@article{kaplan2016geometrically,
  keywords={refereed},
  author = {\mkbibbold{Kaplan, A.} and Mark S. Kaiser and Soumendra N. Lahiri and Daniel J. Nordman},
title = {Simulating Markov Random Fields With a Conclique-Based Gibbs Sampler},
journal = {Journal of Computational and Graphical Statistics},
volume = {0},
number = {0},
pages = {1-11},
year  = {2019},
publisher = {Taylor \& Francis}
 }

@article{kaplan2019properties,
  keywords={refereed},
  title={Properties and Bayesian fitting of restricted Boltzmann machines},
  author={\mkbibbold{Kaplan, A.} and Nordman, Daniel and Vardeman, Stephen},
  journal={Statistical Analysis and Data Mining: The ASA Data Science Journal},
  volume={12},
  number={1},
  pages={23--38},
  year={2019},
  publisher={Wiley Online Library}
}

@article{hare2017introductory,
	keywords={refereed},
	author={Hare, Eric and \mkbibbold{Kaplan, A.}},
	title = {Designing Modular Software: A Case Study in Introductory Statistics},
	journal = {Journal of Computational and Graphical Statistics},
	volume = {26},
	number = {3},
	pages = {493-500},
	year  = {2017},
	publisher = {Taylor \& Francis},
	doi = {10.1080/10618600.2016.1276839}
}


@Article{kaplan2017interactive,
	keywords={refereed},
	author="\mkbibbold{Kaplan, A.} and Hofmann, Heike and Nordman, Daniel",
	title="An interactive graphical method for community detection in network data",
	journal="Computational Statistics",
	year="2017",
	volume="32",
	number="2",
	pages="535--557",
	issn="1613-9658",
	doi="10.1007/s00180-016-0663-5",
	publisher={Springer Berlin Heidelberg}
 }

@article{kaplan2014can,
  keywords={refereed},
  title={Can you buy a president? Politics after the Tillman Act},
  author={\mkbibbold{Kaplan, A.} and Hare, Eric and Hofmann, Heike and Cook, Dianne},
  journal={Chance},
  volume={27},
  number={1},
  pages={20--30},
  year={2014},
  publisher={Taylor \& Francis}
}


 @article{marchant2019d,
 keywords={submitted},
  title={d-blink: Distributed End-to-End Bayesian Entity Resolution},
  author={Marchant, Neil G and Steorts, Rebecca C and \mkbibbold{Kaplan, A.} and Rubinstein, Benjamin IP and Elazar, Daniel N},
  journal={arXiv preprint arXiv:1909.06039},
  year={2020+}
}
 


 @article{kaplan2018posterior,
  keywords={submitted},
  title={Posterior Prototyping: Bridging the Gap between Record Linkage and Regression},
  author={\mkbibbold{Kaplan, A.} and Betancourt, Brenda and Steorts, Rebecca C.},
	journal={arXiv preprint arXiv:1810.01538},
  year={2020+},
	url={https://arxiv.org/abs/1810.01538}
 }
 


@inproceedings{hofmann2015move,
  keywords={conf-unref},
  title={On the move at DinoFun world},
  author={Hofmann, Heike and Cook, Dianne and \mkbibbold{Kaplan, A.} and Hare, Eric and Leos-Barajas, Vianey and Sievert, Carson and Tyner, Samantha},
  booktitle={Visual Analytics Science and Technology (VAST), 2015 IEEE Conference on},
  pages={159--160},
  year={2015},
  organization={IEEE}
}

@inproceedings{hofmann2015visualizing,
  keywords={conf-unref},
  title={Visualizing communication patterns at DinoFun World},
  author={Hofmann, Heike and Cook, Dianne and \mkbibbold{Kaplan, A.} and Hare, Eric and Leos-Barajas, Vianey and Sievert, Carson and Tyner, Samantha},
  booktitle={Visual Analytics Science and Technology (VAST), 2015 IEEE Conference on},
  pages={161--162},
  year={2015},
  organization={IEEE}
}


@inproceedings{genschel2014statistical,
  keywords={conf-unref},
  title={Statistical and Mathematical Self-Efficacy of Incoming Students at a Large Public University},
  author={Genschel, Ulrike and \mkbibbold{Kaplan, A.} and Carriquiry, Alicia and Johnston, Elgin and Kliemann, Wolfgang and Koehler, Kenneth and Mouzon, Ian and Nguyen, Hien},
  booktitle={Sustainability in Statistics Education, Proceedings of the Ninth International Conference on Teaching Statistics (ICOTS9), Flagstaff, Arizona, USA},
  year={2014}
}


@inproceedings{mouzon2015cluster,
  keywords={conf-ref},
  title={A Cluster Analysis of STEM Gender Differences},
  author={Mouzon, Ian and Genschel, Ulrike and Nguyen, Xuan Hien and \mkbibbold{Kaplan, A.} and Carriquiry, Alicia and Mann, Charlotte},
  booktitle={Proceedings of the 18th Annual Conference on Research in Undergraduate Mathematics Education},
  pages={793--800},
  year={2015},
  organization={The SIGMAA on Research in Undergraduate Mathematics Education}
}
