@article{hare2017introductory,
	keywords={refereed},
	author={Hare, Eric and Kaplan, Andee},
	title = {Designing Modular Software: A Case Study in Introductory Statistics},
	journal = {Journal of Computational and Graphical Statistics},
	volume = {26},
	number = {3},
	pages = {493-500},
	year  = {2017},
	publisher = {Taylor & Francis},
	doi = {10.1080/10618600.2016.1276839}
}


@Article{kaplan2017interactive,
	keywords={refereed},
	author="Kaplan, Andee and Hofmann, Heike and Nordman, Daniel",
	title="An interactive graphical method for community detection in network data",
	journal="Computational Statistics",
	year="2017",
	volume="32",
	number="2",
	pages="535--557",
	issn="1613-9658",
	doi="10.1007/s00180-016-0663-5"
 }

@article{kaplan2014can,
  keywords={refereed},
  title={Can you buy a president? Politics after the Tillman Act},
  author={Kaplan, Andee and Hare, Eric and Hofmann, Heike and Cook, Dianne},
  journal={Chance},
  volume={27},
  number={1},
  pages={20--30},
  year={2014},
  publisher={Taylor \& Francis}
}

@article{kaplan2016propriety,
  author = {Kaplan, Andee and Nordman, Daniel and Vardeman, Stephen},
  title = {Properties and Bayesian fitting of restricted Boltzmann machines},
  journal = {Statistical Analysis and Data Mining: The ASA Data Science Journal},
  volume = {0},
  number = {0},
  pages = {1--16},
  year = {2018},
  doi = {10.1002/sam.11396},
}


@article{kaplan2016geometrically,
  keywords={submitted},
  title={Simulating Markov random fields with a conclique-based Gibbs sampler},
  author={Kaplan, Andee and Kaiser, Mark and Lahiri, Soumendra and Nordman, Daniel},
	journal={arXiv preprint arXiv:1808.04739},
  year={in review},
	url={https://arxiv.org/abs/1808.04739}
 }

@article{kaplan2016note,
  keywords={submitted},
  title={On the instability and degeneracy of deep learning models},
  author={Kaplan, Andee and Nordman, Daniel and Vardeman, Stephen},
  journal={arXiv preprint arXiv:1612.01159},
  year={in review},
  url={https://arxiv.org/abs/1612.01159}
}

@article{kaplan2016putting,
  keywords={refereed},
  title={Putting Down Roots: A Graphical Exploration of Community Attachment},
  author={Kaplan, Andee and Hare, Eric},
  journal={Computational Statistics},
  year={2018},
  url={https://doi.org/10.1007/s00180-018-0850-7},
  publisher={Springer Berlin Heidelberg}
}

 @article{kaplan2018posterior,
  keywords={submitted},
  title={Posterior Prototyping: Bridging the Gap between Record Linkage and Regression},
  author={Kaplan, Andee and Betancourt, Brenda and Steorts, Rebecca C.},
	journal={arXiv preprint arXiv:1810.01538},
  year={in review},
  url={http://arxiv.org/abs/1810.01538}
 }

@article{marchant2018dblink,
  keywords={submitted},
  title={d-blink: Distributed End-to-End Bayesian Entity Resolution},
  author={Marchant, Neil and Rubinstein, Benjamin and Steorts, Rebecca C. and Kaplan, Andee and Elazar, Daniel},
  year={in review}
 }


@inproceedings{hofmann2015move,
  keywords={conf-unref},
  title={On the move at DinoFun world},
  author={Hofmann, Heike and Cook, Dianne and Kaplan, Andee and Hare, Eric and Leos-Barajas, Vianey and Sievert, Carson and Tyner, Samantha},
  booktitle={Visual Analytics Science and Technology (VAST), 2015 IEEE Conference on},
  pages={159--160},
  year={2015},
  organization={IEEE}
}

@inproceedings{hofmann2015visualizing,
  keywords={conf-unref},
  title={Visualizing communication patterns at DinoFun World},
  author={Hofmann, Heike and Cook, Dianne and Kaplan, Andee and Hare, Eric and Leos-Barajas, Vianey and Sievert, Carson and Tyner, Samantha},
  booktitle={Visual Analytics Science and Technology (VAST), 2015 IEEE Conference on},
  pages={161--162},
  year={2015},
  organization={IEEE}
}


@inproceedings{genschel2014statistical,
  keywords={conf-unref},
  title={Statistical and Mathematical Self-Efficacy of Incoming Students at a Large Public University},
  author={Genschel, Ulrike and Kaplan, Andee and Carriquiry, Alicia and Johnston, Elgin and Kliemann, Wolfgang and Koehler, Kenneth and Mouzon, Ian and Nguyen, Hien},
  booktitle={Sustainability in Statistics Education, Proceedings of the Ninth International Conference on Teaching Statistics (ICOTS9), Flagstaff, Arizona, USA},
  year={2014}
}


@inproceedings{mouzon2015cluster,
  keywords={conf-ref},
  title={A Cluster Analysis of STEM Gender Differences},
  author={Mouzon, Ian and Genschel, Ulrike and Nguyen, Xuan Hien and Kaplan, Andee and Carriquiry, Alicia and Mann, Charlotte},
  booktitle={Proceedings of the 18th Annual Conference on Research in Undergraduate Mathematics Education},
  pages={793--800},
  year={2015},
  organization={The SIGMAA on Research in Undergraduate Mathematics Education}
}
