@inproceedings{nrc2019,
  keywords={poster},
  author = {\mkbibbold{Kaplan, A.}* and Betancourt, Brenda and Steorts, Rebecca C.},
  title =    {Life After Record Linkage: Tackling the Downstream Task with Error Propagation},
  booktitle = {New Researchers Conference},
  year =      {2019},
  address = {Fort Collins, CO, USA},
  month =     {July 23--26},
  organization = {Institute of Mathematical Statistics},
  note = {Contributed Poster}
}


@inproceedings{nrc2018,
  keywords={poster},
  author = {\mkbibbold{Kaplan, A.}* and Steorts, Rebecca C.},
  title =    {Population Sized Record Linkage},
  booktitle = {New Researchers Conference},
  year =      {2018},
  address = {Vancouver, BC, Canada},
  month =     {July 26--28},
  organization = {Institute of Mathematical Statistics},
  note = {Contributed Poster}
}

@inproceedings{fif2018,
  keywords={poster},
  author = {\mkbibbold{Kaplan, A.}* and  Nordman, Daniel and Vardeman, Stephen},
  title =    {Properties and Bayesian fitting of restricted Boltzmann machines},
  booktitle = {Frontiers in Forecasting},
  year =      {2018},
  address = {Minneapolis, MN, USA},
  month =     {February 21--23},
  organization = {Institute for Mathematics and its Application, University of Minnesota},
  note = {Contributed Poster}
}

@inproceedings{coda2016,
  keywords={poster},
  author = {\mkbibbold{Kaplan, A.}* and  Nordman, Daniel and Vardeman, Stephen},
  title =    {An Exposition on the Propriety of Restricted Boltzmann Machines},
  booktitle = {Conference on Data Analysis},
  year =      {2016},
  address = {Santa Fe, NM, USA},
  month =     {March 2--4},
  organization = {Los Alamos National Laboratory},
  note = {Contributed Poster}
}

@inproceedings{csp2016,
  keywords={poster},
  author = {\mkbibbold{Kaplan, A.} and  Lin, Yongheng and {Mulrow, E.}*},
  title =    {Visualizing Linked Data Sources for the National Children's Study},
  booktitle = {Conference on Statistical Practice},
  year =      {2016},
  address = {San Diego, CA, USA},
  month =     {February 18--20},
  organization = {ASA},
  note = {Contributed Poster}
}

@inproceedings{wis2014,
  keywords={poster},
  author = {\mkbibbold{Kaplan, A.}* and Genschel, Ulrike and Carriquiry, Alicia and Johnston, Elgin and Kliemann, Wolfgang and Koehler, Kenneth and Mouzon, Ian and Nguyen, Xuan Hien},
  title =    {Mathematical Self-Efficacy of Incoming Students at a Large Public University},
  booktitle = {Women in Statistics Conference},
  year =      {2014},
  address = {Cary, NC, USA},
  month =     {May 15--17},
  organization = {ASA},
  note = {Student Poster}
}

@inproceedings{dataexpo2013,
  keywords={poster},
  author = {\mkbibbold{Kaplan, A.}* and Hare, Eric},
  title =    {Putting Down Roots: A Graphical Exploration of Community Attachment},
  booktitle = {Joint Statistical Meetings},
  year =      {2013},
  address = {Montreal, QC, Canada},
  month =     {August 3--8},
  organization = {ASA},
  note = {Data Exposition Poster}
}

@inproceedings{jsm2013,
  keywords={poster},
  author = {{Hare, E.}* and \mkbibbold{Kaplan, A.}},
  title =    {Can you buy a president? Politics after the Tillman Act},
  booktitle = {Joint Statistical Meetings},
  year =      {2013},
  address = {Montreal, QC, Canada},
  month =     {August 3--8},
  organization = {ASA},
  note = {Contributed Poster}
}
