@article{kaiser2012goodness,
  title={Goodness of fit tests for a class of Markov random field models},
  author={Kaiser, Mark S and Lahiri, Soumendra N and Nordman, Daniel J},
  journal={The Annals of Statistics},
  volume={40},
  number={1},
  pages={104--130},
  year={2012},
  publisher={Institute of Mathematical Statistics}
}

@online{SOTC,
  author = "{The Knight Foundation}",
  title = {Soul of the Community},
  year = 2014,
  url = {http://www.soulofthecommunity.org/},
  urldate = {2014-03-03}
}


@article{nytimes,
  title={How Syriaâ€™s Death Toll Is Lost in the Fog of War},
  author={Specia, Megan},
  journal={The New York Times},
  year={2018},
  url={https://www.nytimes.com/2018/04/13/world/middleeast/syria-death-toll.html?mtrref=andeekaplan.com&gwh=596039FCB67805011178B44BB38F754A&gwt=pay}
}

@article{bien2011hierarchical,
  title={Hierarchical clustering with prototypes via minimax linkage},
  author={Bien, Jacob and Tibshirani, Robert},
  journal={Journal of the American Statistical Association},
  volume={106},
  number={495},
  pages={1075--1084},
  year={2011},
  publisher={Taylor \& Francis}
}

@article {larsen:lahiri,
 author = {Lahiri, Partha and Larsen, Michael D.},
 title = {Regression Analysis With Linked Data},
 journal = {Journal of the American Statistical Association},
 volume = {100},
 number = {469},
 pages = {222-230},
 year  = {2005},
 publisher = {Taylor & Francis}
}

@article{goldstein12,
  title={The analysis of record-linked data using multiple imputation with data value priors},
  author={Goldstein, Harvey and Harron, Katie and Wade, Angie},
  journal={Statistics in Medicine},
  volume={31},
  number={28},
  pages={3481--3493},
  year={2012},
  publisher={Wiley Online Library}
}


@article{kim12,
 author = {Kim, Gunky and Chambers, Raymond},
 title = {Regression Analysis Under Incomplete Linkage},
 journal = {Computational Statistics and Data Analysis},
 issue_date = {September, 2012},
 volume = {56},
 number = {9},
 month = sep,
 year = {2012},
 issn = {0167-9473},
 pages = {2756--2770},
 numpages = {15},
 acmid = {2206477},
 publisher = {Elsevier Science Publishers B. V.},
 address = {Amsterdam, The Netherlands, The Netherlands}
}

@article{gutman13,
 author = {Gutmanm, Roee  and Afendulis, Christopher C.  and Zaslavsky, Alan M.},
 title = {A Bayesian Procedure for File Linking to Analyze End-of-Life Medical Costs},
 journal = {Journal of the American Statistical Association},
 volume = {108},
 number = {501},
 pages = {34-47},
 year  = {2013},
 publisher = {Taylor & Francis}
}

@article{hof12,
  title={Methods for analyzing data from probabilistic linkage strategies based on partially identifying variables},
  author = {Hof, M. H. P. and Zwinderman, A. H.},
  journal={Statistics in Medicine},
  volume={31},
  number={30},
  pages={4231--4242},
  year={2012},
  publisher={Wiley Online Library}
}

@article{liseo_2011,
	Author = {Tancredi, Andrea and Liseo, Brunero},
	Date-Modified = {2013-05-31 02:33:55 +0000},
	Journal = {Annals of Applied Statistics},
	Number = {2B},
	Pages = {1553--1585},
	Title = {A hierarchical {B}ayesian approach to record linkage and population size problems},
	Volume = {5},
	Year = {2011}}
	
@article{steorts2016bayesian,
  title={A Bayesian Approach to Graphical Record Linkage and Deduplication},
  author={Steorts, Rebecca C. and Hall, Rob and Fienberg, Stephen E.},
  journal={Journal of the American Statistical Association},
  volume={111},
  number={516},
  pages={1660--1672},
  year={2016},
  publisher={Taylor \& Francis}
}

@inproceedings{steorts2014smered,
  title={SMERED: A Bayesian approach to graphical record linkage and de-duplication},
  author = 	 {Steorts, Rebecca C. and Hall, Rob and Fienberg, Stephen E.},
  booktitle={Proceedings of the Seventeenth International Conference on Artificial Intelligence and Statistics},
  pages={922--930},
  year={2014},
  volume = {33},
  series = {Proceedings of Machine Learning Research},
  address = {Reykjavik, Iceland},
  month = 	{22--25 Apr},
  publisher = 	{PMLR}
}

@article{steorts2015entity,
  title={Entity resolution with empirically motivated priors},
  author={Steorts, Rebecca C.},
  journal={Bayesian Analysis},
  volume={10},
  number={4},
  pages={849--875},
  year={2015},
  publisher={International Society for Bayesian Analysis}
}

@inproceedings{betancourt2016flexible,
  title={Flexible models for microclustering with application to entity resolution},
  author={Betancourt, Brenda and Zanella, Giacomo and Miller, Jeffrey W and Wallach, Hanna and Zaidi, Abbas and Steorts, Rebecca C.},
  booktitle={Advances in Neural Information Processing Systems},
  pages={1417--1425},
  year={2016}
}

@article{steorts2017performance,
  title={Performance Bounds for Graphical Record Linkage},
  author={Steorts, Rebecca C. and Barnes, Matt and Neiswanger, Willie},
  journal={arXiv preprint arXiv:1703.02679},
  year={2017}
}

@Manual{blink,
    title = {blink: Record Linkage for Empirically Motivated Priors},
    author = {Steorts, Rebecca C.},
    year = {2017},
    note = {R package version 0.1.0},
    url = {https://CRAN.R-project.org/package=blink},
  }

@article{chen2017unique,
  title={Unique Entity Estimation with Application to the Syrian Conflict},
  author={Chen, Beidi and Shrivastava, Anshumali and Steorts, Rebecca C},
  journal={arXiv preprint arXiv:1710.02690},
  year={2017}
}
     
