@inproceedings{isugg2020,
  keywords={seminar},
  %author = {\mkbibbold{Kaplan, A.}* and Betancourt, Brenda and Steorts, Rebecca C.},
  %title =    {Bayesian Canonicalization of Voter Registration Files},
  %booktitle = {Invited Seminar},
  year =      {2020},
  address = {Ames, IA, USA (Remote via Zoom)},
  month =     {November (Upcoming)},
  organization = {Iowa State University, Graphics Group}
}

@inproceedings{toronto2020,
  keywords={seminar},
  %author = {\mkbibbold{Kaplan, A.}* and Betancourt, Brenda and Steorts, Rebecca C.},
  %title =    {Bayesian Canonicalization of Voter Registration Files},
  %booktitle = {Invited Seminar},
  year =      {2020},
  address = {Toronto, ON, Canada (Remote via Zoom)},
  month =     {November (Upcoming)},
  organization = {University of Toronto, Department of Statistics}
}


@inproceedings{priism2020,
  keywords={seminar},
  %author = {\mkbibbold{Kaplan, A.}* and Betancourt, Brenda and Steorts, Rebecca C.},
  %title =    {Bayesian Canonicalization of Voter Registration Files},
  %booktitle = {Invited Seminar},
  year =      {2020},
  address = {New York, NY, USA (Remote via Zoom)},
  month =     {October (Upcoming)},
  organization = {New York University, Center for Practice and Research at the Intersection of Information, Society, and Methodology}
}

@inproceedings{sdss2020,
  keywords={talk-invited},
  author = {\mkbibbold{Kaplan, A.}* and Betancourt, Brenda and Steorts, Rebecca C.},
  title =    {Bayesian Canonicalization of Voter Registration Files},
  booktitle = {Symposium on Data Science and Statistics},
  year =      {2020},
  address = {Pittsburgh, PA, USA (Remote via Zoom)},
  month =     {June},
  organization = {ASA},
  note = {Invited Session}
}

@inproceedings{bayescomp2020,
  keywords={talk-invited},
  author = {\mkbibbold{Kaplan, A.}* and Betancourt, Brenda and Steorts, Rebecca C.},
  title =    {Life after record linkage: Tackling the downstream task with error propagation},
  booktitle = {Bayes Comp},
  year =      {2020},
  address = {Gainesville, FL, USA},
  month =     {January},
  organization = {ISBA},
  note = {Invited Session}
}

@inproceedings{cmstat2019,
  keywords={talk-invited},
  author = {\mkbibbold{Kaplan, A.}* and Betancourt, Brenda and Steorts, Rebecca C.},
  title =    {Posterior Prototyping for Bayesian Entity Resolution},
  booktitle = {12th International Conference of the ERCIM WG on Computational and Methodological Statistics},
  year =      {2019},
  address = {London, UK},
  month =     {December},
  organization = {European Research Consortium for Informatics and Mathematics},
  note = {Organized Invited Session}
}

@inproceedings{silo2019,
  keywords={seminar},
  %author = {\mkbibbold{Kaplan, A.}* and Nordman, Daniel and Stephen Vardeman},
  %title =    {Model matters with restricted Boltzmann Machines},
  %booktitle = {Invited Seminar},
  year =      {2019},
  address = {Madison, WI, USA},
  month =     {November},
  organization = {The University of Wisconsin, Systems, Information, Learning and Optimization (SILO) Research Group}
}

@inproceedings{jsm2019,
  keywords={talk-invited},
  author = {\mkbibbold{Kaplan, A.}* and Hare, Eric},
  title =    {Designing Modular Software: a Case Study in Introductory Statistics},
  booktitle = {Joint Statistical Meetings},
  year =      {2019},
  address = {Denver, CO, USA},
  month =     {July},
  organization = {ASA},
  note = {Invited Session}
}

@inproceedings{vizfriday2019,
  keywords={seminar},
  %author = {\mkbibbold{Kaplan, A.}*},
  %title =    {A Cornucopia of Interactive Graphics with Shiny and D3},
  %booktitle = {Visualization Friday Forum},
  year =      {2019},
  address = {Durham, NC, USA},
  month =     {April},
  organization = {Duke University, Department of Computer Science},
}



@inproceedings{uci2019,
  keywords={seminar},
  %author = {\mkbibbold{Kaplan, A.}*},
  %title =    {Life After Record Linkage: Tackling the Downstream Task with Error Propagation},
  %booktitle = {Invited Seminar},
  year =      {2019},
  address = {Irvine, CA, USA},
  month =     {February},
  organization = {The University of California Irvine, Department of Statistics}
}

@inproceedings{uk2019,
  keywords={seminar},
  %author = {\mkbibbold{Kaplan, A.}*},
  %title =    {Life After Record Linkage: Tackling the Downstream Task with Error Propagation},
  %booktitle = {Invited Seminar},
  year =      {2019},
  address = {Lexington, KY, USA},
  month =     {February},
  organization = {The University of Kentucky, Department of Statistics}
}

@inproceedings{psu2019,
  keywords={seminar},
  %author = {\mkbibbold{Kaplan, A.}*},
  %title =    {Life After Record Linkage: Tackling the Downstream Task with Error Propagation},
  %booktitle = {Invited Seminar},
  year =      {2019},
  address = {State College, PA, USA},
  month =     {February},
  organization = {The Pennsylvania State University, Department of Statistics}
}

@inproceedings{vtech2019,
  keywords={seminar},
  %author = {\mkbibbold{Kaplan, A.}*},
  %title =    {Life After Record Linkage: Tackling the Downstream Task with Error Propagation},
  %booktitle = {Invited Seminar},
  year =      {2019},
  address = {Blacksburg, VA, USA},
  month =     {February},
  organization = {Virginia Tech University, Department of Statistics}
}

@inproceedings{uw2019,
  keywords={seminar},
  %author = {\mkbibbold{Kaplan, A.}*},
  %title =    {Life After Record Linkage: Tackling the Downstream Task with Error Propagation},
  %booktitle = {Invited Seminar},
  year =      {2019},
  address = {Madison, WI, USA},
  month =     {February},
  organization = {The University of Wisconsin, Department of Statistics}
}

@inproceedings{csu2019,
  keywords={seminar},
  %author = {\mkbibbold{Kaplan, A.}*},
  %title =    {Life After Record Linkage: Tackling the Downstream Task with Error Propagation},
  %booktitle = {Invited Seminar},
  year =      {2019},
  address = {Fort Collins, CO, USA},
  month =     {January},
  organization = {Colorado State University, Department of Statistics}
}


@inproceedings{ut2019,
  keywords={seminar},
  %author = {\mkbibbold{Kaplan, A.}*},
  %title =    {Life After Record Linkage: Tackling the Downstream Task with Error Propagation},
  %booktitle = {Invited Seminar},
  year =      {2019},
  address = {Austin, TX, USA},
  month =     {January},
  organization = {The University of Texas at Austin, Department of Statistics and Data Science}
}


@inproceedings{stanford2019,
  keywords={seminar},
  %author = {\mkbibbold{Kaplan, A.}*},
  %title =    {Life After Record Linkage: Tackling the Downstream Task with Error Propagation},
  %booktitle = {Invited Seminar},
  year =      {2019},
  address = {Stanford, CA, USA},
  month =     {January},
  organization = {Stanford University, Department of Statistics}
}

@inproceedings{monash2019,
  keywords={seminar},
  %author = {\mkbibbold{Kaplan, A.}*},
  %title =    {Life After Record Linkage: Tackling the Downstream Task with Error Propagation},
  %booktitle = {Invited Seminar},
  year =      {2019},
  address = {Melbourne, VIC, Australia},
  month =     {January},
  organization = {Monash University, Department of Econometrics and Business Statistics}
}

@inproceedings{tamu2018,
  keywords={seminar},
  %author = {\mkbibbold{Kaplan, A.}*},
  %title =    {Life After Record Linkage: Tackling the Downstream Task with Error Propagation},
  %booktitle = {Invited Seminar},
  year =      {2018},
  address = {College Station, TX, USA},
  month =     {November},
  organization = {Texas A\&M University, Department of Statistics}
}

@inproceedings{ncsu2018,
  keywords={seminar},
  %author = {\mkbibbold{Kaplan, A.}*},
  %title =    {Life After Record Linkage: Tackling the Downstream Task with Error Propagation},
  %booktitle = {Invited Seminar},
  year =      {2018},
  address = {Raleigh, NC, USA},
  month =     {October},
  organization = {North Carolina State University, Department of Statistics}
}

@inproceedings{ties2018,
  keywords={talk-invited},
  author = {\mkbibbold{Kaplan, A.}* and Kaiser, Mark and Lahiri, Soumendra and Nordman, Daniel},
  title =    {A Fast Sampler for Data Simulation from Markov Random Fields},
  booktitle = {Invited Session},
  year =      {2018},
  address = {Guanajuato, Gto., Mexico},
  month =     {July},
  organization = {The 28th Annual Conference of the International Envirometrics Society}
}

@inproceedings{msmlc2018,
  keywords={talk-invited},
  author = {\mkbibbold{Kaplan, A.}* and Nordman, Daniel and Stephen Vardeman},
  title =    {Model matters with restricted Boltzmann Machines},
  booktitle = {Keynote},
  year =      {2018},
  address = {Ames, IA, USA},
  month =     {May 9},
  organization = {The 1st Midwest Statistical Machine Learning Colloquium}
}

@inproceedings{isu2018,
  keywords={seminar},
%author = {\mkbibbold{Kaplan, A.}* and Kaiser, Mark and Lahiri, Soumendra and Nordman, Daniel},
  %title =    {A simple, fast sampler for simulating spatial data and other Markovian data structures},
  %booktitle = {Statistics Seminar},
  year =      {2018},
  address = {Ames, IA, USA},
  month =     {January 10},
  organization = {Iowa State University, Department of Statistics}
}

@inproceedings{ncsu2017,
  keywords={seminar},
%author = {\mkbibbold{Kaplan, A.}* and Kaiser, Mark and Lahiri, Soumendra and Nordman, Daniel},
  %title =    {A simple, fast sampler for simulating spatial data and other Markovian data structures},
  %booktitle = {Statistics Seminar},
  year =      {2017},
  address = {Raleigh, NC, USA},
  month =     {November 10},
  organization = {North Carolina State University, Department of Statistics}
}

@inproceedings{cimat2017,
  keywords={seminar},
%author = {\mkbibbold{Kaplan, A.}* and Kaiser, Mark and Lahiri, Soumendra and Nordman, Daniel},
  %title =    {A simple, fast sampler for simulating spatial data and other Markovian data structures},
  %booktitle = {Computer Science Seminar},
  year =      {2017},
  address = {Guanajuato, Gto., Mexico},
  month =     {October 25},
  organization = {Centro de Investigaci\'on en Matem\'aticas}
}

@inproceedings{duke2017,
  keywords={seminar},
  %author = {\mkbibbold{Kaplan, A.}* and Kaiser, Mark and Lahiri, Soumendra and Nordman, Daniel},
  %title =    {A simple, fast sampler for simulating spatial data and other Markovian data structures},
  %booktitle = {Colloquium},
  year =      {2017},
  address = {Durham, NC, USA},
  month =     {April 5},
  organization = {Duke University, Department of Statistical Science}
}

@inproceedings{msu2017,
  keywords={seminar},
  %author = {\mkbibbold{Kaplan, A.}* and Nordman, Daniel and Stephen Vardeman},
  %title =    {Model matters with restricted Boltzmann Machines},
  %booktitle = {Colloquium},
  year =      {2017},
  address = {East Lansing, MI, USA},
  month =     {February 14},
  organization = {Michigan State University, Department of Statistics and Probability}
}

@inproceedings{uiuc2017,
  keywords={seminar},
  %author = {\mkbibbold{Kaplan, A.}* and Nordman, Daniel and Stephen Vardeman},
  %title =    {Model matters with restricted Boltzmann Machines},
  %booktitle = {Colloquium},
  year =      {2017},
  address = {Chapaign, IL, USA},
  month =     {February 7},
  organization = {University of Illinois, Urbana-Champaign, Department of Statistics}
}

@inproceedings{ufl2017,
  keywords={seminar},
  %author = {\mkbibbold{Kaplan, A.}* and Nordman, Daniel and Stephen Vardeman},
  %title =    {Model matters with restricted Boltzmann Machines},
  %booktitle = {Colloquium},
  year =      {2017},
  address = {Gainesville, FL, USA},
  month =     {February 2},
  organization = {University of Florida, Department of Statistics}
}

@inproceedings{rice2017,
  keywords={seminar},
  %author = {\mkbibbold{Kaplan, A.}* and Nordman, Daniel and Stephen Vardeman},
  %title =    {Model matters with restricted Boltzmann Machines},
  %booktitle = {Colloquium},
  year =      {2017},
  address = {Houston, TX, USA},
  month =     {January 23},
  organization = {Rice University, Department of Statistics}
}

@inproceedings{uva2017,
  keywords={seminar},
  %author = {\mkbibbold{Kaplan, A.}* and Nordman, Daniel and Stephen Vardeman},
  %title =    {Model matters with restricted Boltzmann Machines},
  %booktitle = {Colloquium},
  year =      {2017},
  address = {Charlottesville, VA, USA},
  month =     {January 19},
  organization = {University of Virginia, Department of Statistics}
}

@inproceedings{asu2017,
  keywords={seminar},
  %author = {\mkbibbold{Kaplan, A.}* and Nordman, Daniel and Stephen Vardeman},
  %title =    {Model matters with restricted Boltzmann Machines},
  %booktitle = {Colloquium},
  year =      {2017},
  address = {Tempe, AZ, USA},
  month =     {January 11},
  organization = {Arizona State University, School of Mathematical and Statistical Sciences}
}


@inproceedings{umass2016,
  keywords={seminar},
  %author = {\mkbibbold{Kaplan, A.}* and Nordman, Daniel and Stephen Vardeman},
  %title =    {Model matters with restricted Boltzmann Machines},
  %booktitle = {Colloquium},
  year =      {2016},
  address = {Amherst, MA, USA},
  month =     {December 20},
  organization = {University of Massachussetts, Amherst, Department of Mathematics \& Statistics}
}


@inproceedings{cmstat2015,
  keywords={talk-invited},
  author = {\mkbibbold{Kaplan, A.}* and Nordman, Daniel},
  title =    {Goodness-of-Fit Tests for Spatial Markov Random Fields},
  booktitle = {8th International Conference of the ERCIM WG on Computational and Methodological Statistics},
  year =      {2015},
  address = {London, UK},
  month =     {December 12--14},
  organization = {European Research Consortium for Informatics and Mathematics},
  note = {Organized Invited Session}
}

@inproceedings{seminar2015,
  keywords={seminar},
  %author = {{Hare, E.}* and \mkbibbold{Kaplan, A.}*},
  %title =    {intRo: Statistical Analysis Software for Teaching},
  %booktitle = {Departmental Seminar},
  year =      {2015},
  address = {Ames, IA, USA},
  month =     {January 15},
  organization = {Iowa State University, Department of Statistics},
}

@inproceedings{census2013,
  keywords={talk-invited},
  author = {\mkbibbold{Kaplan, A.}* and {Hare, E.}*},
  title =    {Putting Down Roots: A Graphical Exploration of Community Attachment},
  booktitle = {Census Data Visualization Seminar},
  year =      {2013},
  address = {Washington, D.C., USA},
  month =     {September 19},
  organization = {U.S. Census Bureau},
}

@inproceedings{jsm2018,
  keywords={talk-contributed},
  author = {\mkbibbold{Kaplan, A.}* and Steorts, Rebecca C.},
  title =    {Counting Casualties in the Syrian Civil War with Bayesian Record Linkage},
  booktitle = {Joint Statistical Meetings},
  year =      {2018},
  address = {Vancouver, BC, Canada},
  month =     {July},
  organization = {ASA},
  note={Topic Contributed Paper}
}

@inproceedings{isba2018,
  keywords={talk-contributed},
  author = {\mkbibbold{Kaplan, A.}* and Steorts, Rebecca C.},
  title =    {Population Sized Graphical Record Linkage},
  booktitle = {ISBA World Meeting},
  year =      {2018},
  address = {Edinburgh, UK},
  month =     {June 27},
  organization = {ISBA},
  note={Contributed Member Paper}
}

@inproceedings{jsm2017,
  keywords={talk-contributed},
  author = {\mkbibbold{Kaplan, A.}* and Kaiser, Mark and Lahiri, Soumendra and Nordman, Daniel},
  title =    {A Simple, Fast Sampler for Simulating Spatial Data and Other Markovian Data Structures},
  booktitle = {Joint Statistical Meetings},
  year =      {2017},
  address = {Baltimore, MD, USA},
  month =     {August 1},
  organization = {ASA},
  note={Contributed Paper}
}


@inproceedings{jsm2016,
  keywords={talk-contributed},
  author = {\mkbibbold{Kaplan, A.}* and Nordman, Daniel and Vardeman, Stephen},
  title =    {An exposition on the propriety of restricted Boltzmann machines},
  booktitle = {Joint Statistical Meetings},
  year =      {2016},
  address = {Chicago, IL, USA},
  month =     {July 31},
  organization = {ASA},
  note={Contributed Paper}
}

@inproceedings{user2016,
  keywords={talk-contributed},
  author = {\mkbibbold{Kaplan, A.}* and Hare, Eric},
  title =    {Introducing Statistics with intRo},
  booktitle = {The R User Conference},
  year =      {2016},
  address = {Stanford, CA, USA},
  month =     {June 27--30},
  note={Contributed Paper}
}

@inproceedings{jsm2015,
  keywords={talk-contributed},
  author = {\mkbibbold{Kaplan, A.}* and Hare, Eric},
  title =    {Introducing Statistics with intRo},
  booktitle = {Joint Statistical Meetings},
  year =      {2015},
  address = {Seattle, WA, USA},
  month =     {August 8--13},
  organization = {ASA},
  note={Topic Contributed Paper}
}

@inproceedings{jsm2015-2,
  keywords={talk-contributed},
  author = {{Hare, E.}* and \mkbibbold{Kaplan, A.}},
  title =    {IntRo: Software for Introductory Statistics},
  booktitle = {Joint Statistical Meetings},
  year =      {2015},
  address = {Seattle, WA, USA},
  month =     {August 8--13},
  organization = {ASA},
  note={Contributed Paper}
}

@inproceedings{jsm2014,
  keywords={talk-contributed},
  author = {\mkbibbold{Kaplan, A.}* and Hofmann, Heike and Nordman, Daniel},
  title =    {gravicom - A web-based tool for community detection in networks},
  booktitle = {Joint Statistical Meetings},
  year =      {2014},
  address = {Boston, MA, USA},
  month =     {August 2--7},
  organization = {ASA},
  note={Contributed Paper}
}

@inproceedings{jsm2014-2,
  keywords={talk-contributed},
  author = {{Mouzon, I.}* and Genschel, Ulrike and Carriquiry, Alicia and Nguyen, Xuan Hien and \mkbibbold{Kaplan, A.} and Johnston, Elgin and Kliemann, Wolfgang and Koehler, Kenneth},
  title =    {Early College Performance, Gender, and Other Factors Influencing Continuation in STEM Fields},
  booktitle = {Joint Statistical Meetings},
  year =      {2014},
  address = {Boston, MA, USA},
  month =     {August 2--7},
  organization = {ASA},
  note={Contributed Paper}
}

@inproceedings{jsm2014-3,
  keywords={talk-contributed},
  author = {{Genschel, U.}* and \mkbibbold{Kaplan, A.} and Carriquiry, Alicia and Johnston, Elgin and Kliemann, Wolfgang and Koehler, Kenneth and Mouzon, Ian},
  title =    {Statistical and Mathematical Self-Efficacy of Incoming Students at a Large Public University},
  booktitle = {Joint Statistical Meetings},
  year =      {2014},
  address = {Boston, MA, USA},
  month =     {August 2--7},
  organization = {ASA},
  note={Contributed Paper}
}

@inproceedings{icots9,
  keywords={talk-contributed},
  author = {{Genschel, U.}* and \mkbibbold{Kaplan, A.} and Carriquiry, Alicia and Johnston, Elgin and Kliemann, Wolfgang and Koehler, Kenneth and Mouzon, Ian},
  title =    {Statistical and Mathematical Self-Efficacy of Incoming Students at a Large Public University},
  booktitle = {The Ninth International Conference on Teaching Statistics},
  year =      {2014},
  address = {Flagstaff, AZ, USA},
  month =     {July 13--18},
  note={Contributed Paper}
}
